@misc{ScalaDoc,
	title={{V}alue {C}lasses and {U}niversal {T}raits},
	author={Mark Harrah},
	note={https://lc.cx/JwdM},
	year={2011}
}
